%YAML 1.1
%TAG !u! tag:unity3d.com,2011:
--- !u!1001 &100100000
Prefab:
  m_ObjectHideFlags: 1
  serializedVersion: 2
  m_Modification:
    m_TransformParent: {fileID: 0}
    m_Modifications: []
    m_RemovedComponents: []
  m_ParentPrefab: {fileID: 0}
  m_RootGameObject: {fileID: 1829972699896038}
  m_IsPrefabParent: 1
--- !u!1 &1829972699896038
GameObject:
  m_ObjectHideFlags: 0
  m_PrefabParentObject: {fileID: 0}
  m_PrefabInternal: {fileID: 100100000}
  serializedVersion: 5
  m_Component:
  - component: {fileID: 4643964185623100}
  - component: {fileID: 114200448265231052}
  - component: {fileID: 114314821420668446}
  - component: {fileID: 114974629500074476}
  - component: {fileID: 114306390094347362}
  m_Layer: 0
  m_Name: ScriptManager
  m_TagString: Untagged
  m_Icon: {fileID: 0}
  m_NavMeshLayer: 0
  m_StaticEditorFlags: 0
  m_IsActive: 1
--- !u!4 &4643964185623100
Transform:
  m_ObjectHideFlags: 1
  m_PrefabParentObject: {fileID: 0}
  m_PrefabInternal: {fileID: 100100000}
  m_GameObject: {fileID: 1829972699896038}
  m_LocalRotation: {x: -0.000000009313226, y: 0.12428945, z: 0.000000011175871, w: 0.99224603}
  m_LocalPosition: {x: 281.41998, y: 25.339996, z: 237.5}
  m_LocalScale: {x: 1.6000001, y: 1.6, z: 1.6000001}
  m_Children: []
  m_Father: {fileID: 0}
  m_RootOrder: 0
  m_LocalEulerAnglesHint: {x: 0, y: 0, z: 0}
--- !u!114 &114200448265231052
MonoBehaviour:
  m_ObjectHideFlags: 1
  m_PrefabParentObject: {fileID: 0}
  m_PrefabInternal: {fileID: 100100000}
  m_GameObject: {fileID: 1829972699896038}
  m_Enabled: 1
  m_EditorHideFlags: 0
  m_Script: {fileID: 11500000, guid: e23717139517be241bc82aaf3f41dc48, type: 3}
  m_Name: 
  m_EditorClassIdentifier: 
  PersonEye: {fileID: 0}
  person: {fileID: 0}
  PersonHead: {fileID: 0}
  HandleLeft: {fileID: 0}
  HandleRight: {fileID: 0}
  Gear: {fileID: 0}
  HandArea: {fileID: 0}
  LeapMode: 1
  isGrab: 0
  isPinch: 0
  SensivityZ: 0.05
  DynamicMovementSpeed: 1
  MoveSpeed: 5
  zIndex: 0.1
  SensivityX: 0.5
  SensivityY: 0.5
  TimeGazeR: 0
  TimeGazeL: 0
  rangeRaycast: 10
  GrabToleranceWalk: 3
  DataRecord: 0
  DataRecordID: 0
  GrabPinch: 0
  KeyboardMouseMode: 0
  rotationalValue: 270
--- !u!114 &114306390094347362
MonoBehaviour:
  m_ObjectHideFlags: 1
  m_PrefabParentObject: {fileID: 0}
  m_PrefabInternal: {fileID: 100100000}
  m_GameObject: {fileID: 1829972699896038}
  m_Enabled: 0
  m_EditorHideFlags: 0
  m_Script: {fileID: 11500000, guid: 22c5d11fb040e374196960832fd7635a, type: 3}
  m_Name: 
  m_EditorClassIdentifier: 
  FPS: {fileID: 0}
  ScriptManager: {fileID: 1829972699896038}
  InitialPosition: {fileID: 0}
  InitialPositionMovement: {fileID: 0}
  FacingTimeSpend: 0
  ForwardBackwardTimeSpend: 0
  MoveTimeSpend: 0
  TargetPosition: {fileID: 0}
  Selection1: {fileID: 0}
  Selection1TimeSpend: 0
  Selection2: {fileID: 0}
  Selection2TimeSpend: 0
  Selection3: {fileID: 0}
  Selection3TimeSpend: 0
  GrabObject1: {fileID: 0}
  Grab1TimeSpend: 0
  GrabObject2: {fileID: 0}
  Grab2TimeSpend: 0
  GrabObject3: {fileID: 0}
  Grab3TimeSpend: 0
  nowCounting: Nothing
  RecordID: 1
  Record: 0
--- !u!114 &114314821420668446
MonoBehaviour:
  m_ObjectHideFlags: 1
  m_PrefabParentObject: {fileID: 0}
  m_PrefabInternal: {fileID: 100100000}
  m_GameObject: {fileID: 1829972699896038}
  m_Enabled: 1
  m_EditorHideFlags: 0
  m_Script: {fileID: 11500000, guid: d1b39809aaebd3a4997174a48b8407be, type: 3}
  m_Name: 
  m_EditorClassIdentifier: 
  PersonHead: {fileID: 0}
--- !u!114 &114974629500074476
MonoBehaviour:
  m_ObjectHideFlags: 1
  m_PrefabParentObject: {fileID: 0}
  m_PrefabInternal: {fileID: 100100000}
  m_GameObject: {fileID: 1829972699896038}
  m_Enabled: 1
  m_EditorHideFlags: 0
  m_Script: {fileID: 11500000, guid: 4ff3f6f65365f774e8cce533223c480d, type: 3}
  m_Name: 
  m_EditorClassIdentifier: 
  VR: {fileID: 0}
  Desktop: {fileID: 0}
